@book{IEEE-1363,
  author={IEEE Std 1363-2000 and BBB and CCC and DDD},
  title={IEEE Standard Specifications for Public-Key Cryptography},
  type = {M},
  edition = "2",
  pubadress={New York},
  publisher={IEEE},
  pubyear=2000
}
@book{abcd,
  author={六国军 and 拉里拉 and 我了歌曲 and 呵呵},
  title={深深深色花},
  type = {M},
  edition = "2", 
 pubadress={北京},
  publisher={北京那个什么},
  pubyear=2000,
  lang="zh"
}
